%! Author = jacobvetere
%! Date = 7/15/22

